
@misc{ESP-NOW-Reliability,
	title = {Data transmission reliability over {ESP}-{NOW} protocol in indoor environment},
	url = {https://developer.espressif.com/blog/reliability-esp-now/},
	abstract = {The developer resources in just one place!},
	language = {en},
	urldate = {2024-12-29},
	journal = {Espressif Developer Portal},
	month = dec,
	year = {2024},
	note = {Section: blog},
	file = {Snapshot:/home/fabian/Zotero/storage/4WHXVXB6/reliability-esp-now.html:text/html},
}