@online{wiki:latex,
    author = {{Wikipedia contributors}},
    title = {LaTeX --- {Wikipedia}{,} The Free Encyclopedia},
    year = {2024},
    url = {https://en.wikipedia.org/wiki/LaTeX},
    urldate = {2024-12-06}
}

@legislation{schug,
    title = {Bundesgesetz über die Ordnung von Unterricht und Erziehung in den im Schulorganisationsgesetz geregelten Schulen},
    shorttitle = {SchUG},
    year = {1986},
    number = {BGBl. Nr. 472/1986},
    url = {https://www.ris.bka.gv.at/GeltendeFassung.wxe?Abfrage=Bundesnormen&Gesetzesnummer=10009600}
}

@legislation{pruefung,
    title = {Prüfungsordnung BMHS, Bildungsanstalten},
    year = {2012},
    number = {BGBl. II Nr. 177/2012},
    url = {https://www.ris.bka.gv.at/GeltendeFassung.wxe?Abfrage=Bundesnormen&Gesetzesnummer=20007845}
}

@online{mqtt_nodate,
	title = {{MQTT} - The Standard for {IoT} Messaging},
	url = {https://mqtt.org/},
	urldate = {2025-01-15},
	file = {MQTT - The Standard for IoT Messaging:/home/fabian/Zotero/storage/TCSKQJ2I/mqtt.org.html:text/html},
}

@online{esp-now-reach_2024,
	title = {Data transmission reliability over {ESP}-{NOW} protocol in indoor environment},
	url = {https://developer.espressif.com/blog/reliability-esp-now/},
	abstract = {The developer resources in just one place!},
	titleaddon = {Espressif Developer Portal},
	urldate = {2024-12-29},
	date = {2024-12-19},
	langid = {english},
	note = {Section: blog},
	file = {Snapshot:/home/fabian/Zotero/storage/4WHXVXB6/reliability-esp-now.html:text/html},
}