@misc{Wikipedia,
  author = {Wikipedia},
  title = {Wikipedia},
  url = {https://en.wikipedia.org/},
  urldate = {2021-03-01},
}